
@article{goode2009social,
  title={Social news, citizen journalism and democracy},
  author={Goode, Luke},
  journal={New media \& society},
  volume={11},
  number={8},
  pages={1287--1305},
  year={2009},
  publisher={SAGE Publications Sage UK: London, England}
}
@article{klinenberg2005convergence,
  title={Convergence: News production in a digital age},
  author={Klinenberg, Eric},
  journal={The Annals of the American Academy of Political and Social Science},
  volume={597},
  number={1},
  pages={48--64},
  year={2005},
  publisher={Sage Publications Sage CA: Thousand Oaks, CA}
}
@article{weber2011flow,
  title={The flow of digital news in a network of sources, authorities, and hubs},
  author={Weber, Matthew S and Monge, Peter},
  journal={Journal of Communication},
  volume={61},
  number={6},
  pages={1062--1081},
  year={2011},
  publisher={Wiley Online Library}
}
@article{sebastiani2002machine,
  title={Machine learning in automated text categorization},
  author={Sebastiani, Fabrizio},
  journal={ACM computing surveys (CSUR)},
  volume={34},
  number={1},
  pages={1--47},
  year={2002},
  publisher={ACM}
}
@inproceedings{rana2014news,
  title={News classification based on their headlines: A review},
  author={Rana, Mazhar Iqbal and Khalid, Shehzad and Akbar, Muhammad Usman},
  booktitle={Multi-Topic Conference (INMIC), 2014 IEEE 17th International},
  pages={211--216},
  year={2014},
  organization={IEEE}
}
@book{gans2003democracy,
  title={Democracy and the News},
  author={Gans, Herbert J},
  year={2003},
  publisher={Oxford University Press}
}
@article{gans1983news,
  title={News media, news policy, and democracy: Research for the future},
  author={Gans, Herbert J},
  journal={Journal of Communication},
  volume={33},
  number={3},
  pages={174--184},
  year={1983},
  publisher={Wiley Online Library}
}
